<?xml version="1.0" encoding="UTF-8"?><collection xmlns="http://www.loc.gov/MARC21/slim"><record><leader>00556nam--2200193-i-4500</leader><controlfield tag="001">000000327</controlfield><controlfield tag="002">20161230</controlfield><controlfield tag="005">20161230201024</controlfield><controlfield tag="008">060222s1000------------r-----000-0-eng-d</controlfield><datafield ind1=" " ind2=" " tag="040"><subfield code="a">IFIN-HH</subfield></datafield><datafield ind1=" " ind2=" " tag="080"><subfield code="a">539.1</subfield></datafield><datafield ind1="1" ind2=" " tag="100"><subfield code="a">Brink, D.M</subfield></datafield><datafield ind1="1" ind2="0" tag="245"><subfield code="a">Progress in nuclear physics</subfield><subfield code="c">D.m. brink, j.h. mulvey (eds.)</subfield></datafield><datafield ind1=" " ind2=" " tag="260"><subfield code="a">Oxford</subfield><subfield code="b">Pergamon Press</subfield><subfield code="c">1969, 1970</subfield></datafield><datafield ind1=" " ind2=" " tag="300"><subfield code="a">3 VOLUME</subfield></datafield><datafield ind1=" " ind2=" " tag="700"><subfield code="a">Mulvey, J.H</subfield><subfield code="e">Ed</subfield></datafield><datafield ind1="1" ind2=" " tag="787"><subfield code="a">Volume 12 Part 2</subfield><subfield code="d">1970</subfield><subfield code="h">/75p./225p</subfield><subfield code="t">Total Cross-section Measurements</subfield></datafield><datafield ind1=" " ind2=" " tag="852"><subfield code="a">10007</subfield><subfield code="c">539</subfield></datafield><datafield ind1=" " ind2=" " tag="CAT"><subfield code="a">Sys</subfield><subfield code="c">20110921</subfield><subfield code="h">140640</subfield></datafield></record></collection>